2459 2979
1084 142 1307 152 ——.--

165 238 263 283 Sed-
288 253 371 282 non
401 250 455 282 ea
483 235 630 289 solum,
659 247 800 278 verum
821 231 946 278 etiam
974 231 1061 277 alia
1089 231 1200 278 lianc
1232 232 1414 278 Deorum
1445 233 1768 280 contemtionem
1798 241 1943 278 secuta
1974 249 2074 281 esse
2105 235 2226 289 mala,

165 339 208 377 ut
252 331 542 392 turpitudinem
588 327 872 382 domesticam,
919 327 1041 372 istum
1086 333 1168 372 tum
1212 327 1467 389 publicarum
1513 336 1594 374 tum
1647 329 1900 389 privatarum
1949 332 2227 377 calamitatum

165 431 335 473 sontem.
392 428 533 483 Quare
562 424 779 484 virginum,
817 423 963 482 quibus
991 423 1112 469 initio
1141 424 1261 485 primi
1288 425 1485 470 carminis
1513 425 1776 485 promiserat,
1806 431 2018 471 cannarum
2046 441 2095 471 se
2124 440 2225 471 esse

166 525 360 576 carmina,
388 522 596 580 corruptis
615 536 753 565 earum
775 520 956 564 moribus
985 520 1141 565 notatis
1170 536 1383 579 pravaque
1412 522 1639 580 puellarum
1668 522 1936 580 ingenuarum
1967 521 2226 567 institutione

165 620 397 666 domestica
442 617 679 676 perstricta,
730 616 830 660 fecit
875 615 1135 660 mentionem.
1216 616 1420 674 Denique,
1464 622 1705 676 comparata
1750 618 1925 676 priorum
1967 616 2224 676 reipublicae

165 727 390 775 temporum
427 718 647 772 Juventute
692 711 813 756 bonis
858 710 1052 765 moribus,
1098 712 1344 765 severitate,
1400 713 1542 757 officio
1585 714 1823 758 assuefacta
1876 728 1962 757 cum
2011 715 2086 757 illa
2124 729 2225 757 suae

165 811 330 866 aetatis,
370 808 568 863 ostendit,
616 822 721 866 quae
753 806 952 852 Romanis
981 807 1251 863 imminerent,
1284 807 1364 853 nisi
1394 821 1534 853 mores
1563 809 1874 867 corrigerentur
1904 816 1960 863 et,
1991 824 2069 867 quo
2100 810 2227 853 altius

164 909 399 953 sententiae
428 907 468 950 in
500 905 647 949 animis
677 903 931 961 popularium
962 902 1301 961 imprimerentur,
1331 904 1450 958 haec,
1481 910 1523 947 ut
1553 918 1694 948 secum
1728 910 1980 962 reputarent,
2012 906 2191 961 adjecit:

625 1020 836 1062 Damnosa
866 1017 963 1074 quid
993 1030 1075 1060 nou
1105 1018 1289 1060 inminuit
1320 1018 1446 1061 dies?

621 1117 760 1158 Aetas
789 1118 1016 1171 parentum,
1049 1114 1170 1171 peior
1199 1114 1306 1167 avis,
1335 1115 1427 1157 tulit

680 1211 776 1255 Nos
806 1209 1042 1267 nequiores,
1077 1224 1174 1254 mox
1205 1210 1377 1254 daturos

735 1307 987 1362 Progeniem
1021 1307 1292 1350 vitiosiorem.

336 1424 406 1468 En
454 1423 588 1466 habes
635 1421 829 1465 carminis
877 1426 1172 1478 argumentum,
1221 1436 1300 1478 quo
1340 1428 1510 1480 praeter
1550 1423 1633 1466 alia
1662 1423 1744 1466 hoc
1774 1422 1970 1481 imprimis
2000 1426 2222 1482 appareat:

165 1527 347 1580 poetam,
390 1517 639 1577 disciplinae
682 1516 897 1560 Romanae
938 1516 1192 1574 singularem
1236 1522 1446 1562 auctorem
1491 1518 1573 1561 hoc
1612 1518 1841 1577 praecipue
1869 1518 2034 1563 insitum
2063 1518 2227 1563 civibus

165 1616 411 1675 penitusque
439 1614 606 1658 infixum
634 1612 844 1657 voluisse:
892 1628 919 1656 a
949 1612 1043 1656 Diis
1070 1627 1142 1657 τω
1171 1612 1369 1657 humanas
1398 1612 1492 1671 regi
1522 1627 1742 1671 eorumque
1773 1614 2013 1658 reverentia
2043 1618 2087 1658 et
2116 1613 2226 1657 cultu

167 1712 343 1757 maxime
372 1709 630 1769 reipublicae
658 1708 833 1753 salutem
864 1707 1083 1764 contineri,
1111 1707 1211 1752 nihil
1240 1708 1368 1767 igitur
1395 1708 1488 1754 sine
1518 1709 1623 1763 Diis,
1652 1724 1788 1768 neque
1806 1710 1847 1754 in
1869 1710 2060 1769 publicis,
2089 1724 2226 1767 neque

165 1811 206 1853 in
251 1806 428 1867 privatis
472 1806 596 1850 rebus
639 1804 845 1863 agendum
884 1818 997 1860 esse,
1045 1803 1124 1849 sed
1168 1810 1250 1848 tum
1280 1804 1454 1859 demum,
1504 1821 1595 1851 cum
1625 1806 1654 1849 ii
1684 1813 1753 1850 aut
1783 1807 1895 1850 votis
1924 1806 2226 1863 sacrificiisque

167 1904 335 1964 placati,
371 1909 441 1947 aut
469 1900 668 1960 auspiciis
697 1900 874 1958 aliisque
902 1900 1039 1945 modis
1067 1901 1246 1946 consulti
1277 1907 1433 1946 essent.

338 2037 420 2082 His
446 2035 572 2095 igitur
600 2035 660 2079 ita
688 2034 909 2093 disputatis
938 2035 1273 2093 argumentisque
1303 2036 1477 2080 omnium
1507 2051 1587 2080 sex
1618 2036 1837 2080 carminum
1869 2036 1941 2080 tali
1971 2036 2106 2089 modo,
2143 2047 2222 2092 quo

168 2149 307 2180 eorum
337 2133 537 2191 cognatio
567 2132 885 2186 demonstretur,
914 2131 1165 2186 constitutis,
1193 2131 1237 2175 id
1269 2138 1421 2176 tantum
1452 2131 1625 2177 addam:
1676 2139 1802 2178 totam
1834 2146 1971 2177 eorum
2001 2130 2222 2176 carminum

167 2232 319 2277 seriem
348 2243 429 2274 uno
459 2229 693 2287 eodemque
721 2233 854 2273 metro
884 2242 984 2273 esse
1011 2228 1231 2288 scriptam,
1281 2236 1337 2284 et,
1380 2229 1417 2274 si
1457 2244 1543 2274 rem
1572 2229 1701 2289 ipsam
1730 2233 1913 2288 spectas,
1961 2226 2222 2283 Sallustium,

166 2327 278 2371 illum
307 2339 498 2370 severum
528 2338 662 2370 rerum
691 2324 965 2369 Romanarum
994 2324 1254 2383 scriptorem,
1304 2325 1394 2369 sere
1433 2324 1578 2369 eodem
1610 2322 1769 2377 ordine,
1801 2336 1881 2380 quo
1912 2328 2054 2382 poeta,
2100 2324 2223 2381 inque

169 2421 316 2467 eodem
346 2419 449 2465 vitia
477 2418 630 2476 (catil.
660 2433 697 2466 c.
729 2416 940 2475 10—13)
969 2418 1177 2464 invectum
1208 2432 1319 2464 esse.

843 2558 1542 2599 -ψ
